@misc{Gestion_mise_en_production,
	author = {Author},
	title = {Website title},
	howpublished = {~\\  \url{https://fr.wikipedia.org/wiki/Gestion\_des\_mises\_en\_production}},
	year = {2008}
}

@misc{mongodb_non_lts,
	author = {Author},
	title = {Website title},
	howpublished = {~\\  \url{https://medium.com/@nicknaso/mongodb-3-2-on-ubuntu-15-10-8f7c30ca9848#.rhm2yqx8s}},
	year = {2008} 
	
}

@misc{long_time_suport,
	author = {Ubuntu},
	title = {Ubuntu LTS},
	howpublished = {~\\  \url{https://doc.ubuntu-fr.org/lts}},
	year = {2008}
}

